<record xmlns="http://www.loc.gov/MARC21/slim" xmlns:xsi="http://www.w3.org/2001/XMLSchema-instance" xsi:schemaLocation="http://www.loc.gov/MARC21/slim http://www.loc.gov/standards/marcxml/schema/MARC21slim.xsd"><leader>     nam a22        4500</leader><controlfield tag="001">3073695</controlfield><controlfield tag="003">NNC</controlfield><controlfield tag="006">m        d        </controlfield><controlfield tag="007">cr cn |||m|||a</controlfield><controlfield tag="008">150316s195u    ua      o     000 0 ara d</controlfield><datafield ind1=" " ind2=" " tag="040"><subfield code="a">NNU</subfield><subfield code="b">eng</subfield><subfield code="e">rda</subfield><subfield code="c">NNU</subfield></datafield><datafield ind1="1" ind2=" " tag="100"><subfield code="a">&#699;Adawi&#772;, Muh&#803;ammad ibn &#699;Uba&#772;dah,</subfield><subfield code="d">-1779 or 1780.</subfield></datafield><datafield ind1="1" ind2="0" tag="245"><subfield code="a">H&#803;a&#772;shiyat Muh&#803;ammad</subfield><subfield code="c">[ibn] &#699;Uba&#772;dah al-&#699;Idwi&#772; &#699;ala&#772; Shudhu&#772;r al-dhahab, li Si&#772;bawaihi zama&#772;nihi&#772;, Abi&#772; Muh&#803;ammad &#699;Abd-Alla&#772;h ibn Hisha&#772;m al-Ans&#803;a&#772;ri&#772;.</subfield></datafield><datafield ind1=" " ind2=" " tag="260"><subfield code="a">Mis&#803;r,</subfield><subfield code="b">Da&#772;r Ihya&#772;&#700; al-Kutub al-&#699;Arabi&#772;yah (&#699;I&#772;sa&#772; al-Ba&#772;bi&#772; al-H&#803;alabi&#772;)</subfield><subfield code="c">[195-?]</subfield></datafield><datafield ind1=" " ind2=" " tag="300"><subfield code="a">online resource (2 volumes in 1.)</subfield></datafield><datafield ind1=" " ind2=" " tag="336"><subfield code="a">text</subfield><subfield code="2">rdacontent</subfield></datafield><datafield ind1=" " ind2=" " tag="337"><subfield code="a">computer</subfield><subfield code="2">rdamedia</subfield></datafield><datafield ind1=" " ind2=" " tag="338"><subfield code="a">online resource</subfield><subfield code="2">rdacarrier</subfield></datafield><datafield ind1=" " ind2=" " tag="500"><subfield code="a">Part of the Arabic Collections Online (ACO) project, contributed by Columbia University Libraries.</subfield></datafield><datafield ind1=" " ind2=" " tag="533"><subfield code="a">Electronic reproduction.</subfield><subfield code="b">New York, N.Y. :</subfield><subfield code="c">New York University,</subfield><subfield code="d">2015.</subfield><subfield code="5">NNU</subfield></datafield><datafield ind1="2" ind2=" " tag="710"><subfield code="a">Columbia University.</subfield><subfield code="b">Libraries.</subfield></datafield><datafield ind1="0" ind2=" " tag="730"><subfield code="a">Arabic Collections Online.</subfield></datafield><datafield ind1="0" ind2="8" tag="776"><subfield code="i">Print version:</subfield><subfield code="a">&#699;Adawi&#772;, Muh&#803;ammad ibn &#699;Uba&#772;dah, -1779 or 1780.</subfield><subfield code="t">H&#803;a&#772;shiyat Muh&#803;ammad</subfield><subfield code="w">(NNC)3073695</subfield><subfield code="w">(OCoLC)47848288</subfield></datafield><datafield ind1="4" ind2="0" tag="856"><subfield code="u">http://hdl.handle.net/2333.1/xsj3v0pq</subfield></datafield><datafield ind1=" " ind2=" " tag="959"><subfield code="a">NNU</subfield><subfield code="b">WEB</subfield><subfield code="c">GENI</subfield><subfield code="t">0</subfield><subfield code="m">Electronic access</subfield><subfield code="s">01</subfield></datafield><datafield ind1=" " ind2=" " tag="999"><subfield code="i">NNC_3073695</subfield><subfield code="o">(OCoLC)ocm47848288 </subfield><subfield code="s">columbia_aco000225</subfield><subfield code="e">(ERROR-880)</subfield></datafield></record>